@article{Smith2023,
  author = {Smith, John and Jones, Mary and Wilson, Robert},
  title = {Analysis of Autonomous Vehicle Integration in Urban Transit Networks},
  journal = {Journal of Transportation Engineering},
  volume = {149},
  number = {4},
  pages = {245--259},
  year = {2023},
  doi = {10.1061/(ASCE)TE.1943-5436.0002534}
}

@article{Chen2022,
  author = {Chen, Wei and Anderson, Sarah},
  title = {Evaluating the Impact of Micromobility Services on First/Last Mile Connectivity},
  journal = {Transportation Research Part A: Policy and Practice},
  volume = {156},
  pages = {89--104},
  year = {2022},
  doi = {10.1016/j.tra.2022.02.008}
}

@article{Garcia2023,
  author = {Garcia, Maria and Thompson, David and Lee, Jennifer},
  title = {Machine Learning Applications for Real-Time Traffic Signal Optimization},
  journal = {Transportation Science},
  volume = {57},
  number = {2},
  pages = {412--428},
  year = {2023},
  doi = {10.1287/trsc.2023.1154}
}

@article{Williams2022,
  author = {Williams, Peter and Brown, Elizabeth},
  title = {Quantifying the Environmental Benefits of Electric Bus Fleet Conversion},
  journal = {Transportation Research Part D: Transport and Environment},
  volume = {103},
  pages = {103--119},
  year = {2022},
  doi = {10.1016/j.trd.2022.05.012}
}

@article{Johnson2023,
  author = {Johnson, Michael and Zhang, Li and Patel, Ravi},
  title = {Modeling Pedestrian Behavior at Urban Intersections Using Computer Vision},
  journal = {Journal of Transportation Safety \& Security},
  volume = {15},
  number = {3},
  pages = {334--352},
  year = {2023},
  doi = {10.1080/19439962.2023.2176554}
}
